@Book{Dummy:1,
author = "Steven M Kay",
title = "Fundamentals of Statistical Signal Processing: Estimation Theory",
publisher = "Prentice Hall",
year = 1993,
}

@Book{Dummy:2,
author = "Francesca Zanier and Massimo",
title = "Achievable Localization Accuracy of the
Positioning Reference Signal of 3GPP LTE",
publisher = "IEEE",
year = 2012,
}